<collection xmlns="http://www.loc.gov/MARC21/slim">
<record>
  <leader>01193nam0a22002651i 450 </leader>
  <controlfield tag="001">IT\ICCU\CNCE\040780</controlfield>
  <controlfield tag="005">20110518000000.0</controlfield>
  <datafield tag="012" ind1=" " ind2=" ">
    <subfield code="a">S.ce roi- mare liex (3) 1587 (R)</subfield>
    <subfield code="2">fei</subfield>
  </datafield>
  <datafield tag="100" ind1=" " ind2=" ">
    <subfield code="a">19981119d1587        0itac0103    ba</subfield>
  </datafield>
  <datafield tag="101" ind1=" " ind2=" ">
    <subfield code="a">ITA</subfield>
  </datafield>
  <datafield tag="102" ind1=" " ind2=" ">
    <subfield code="a">IT</subfield>
  </datafield>
  <datafield tag="200" ind1="1" ind2=" ">
    <subfield code="a">Delle homelie del m.r.d. Onofrio Zarrabbini da Cotignola. Parte quarta, et ultima. Sopra tutte le feste prencipali de&apos; santi ...</subfield>
  </datafield>
  <datafield tag="210" ind1=" " ind2=" ">
    <subfield code="a">In Venetia</subfield>
    <subfield code="c">presso gli heredi di Francesco Ziletti</subfield>
    <subfield code="d">1587</subfield>
  </datafield>
  <datafield tag="215" ind1=" " ind2=" ">
    <subfield code="a">\8!, 248 p.</subfield>
    <subfield code="d">4ʻ</subfield>
  </datafield>
  <datafield tag="300" ind1=" " ind2=" ">
    <subfield code="a">V. 2 della 40752</subfield>
  </datafield>
  <datafield tag="620" ind1=" " ind2=" ">
    <subfield code="a">IT</subfield>
    <subfield code="d">Venezia</subfield>
  </datafield>
  <datafield tag="700" ind1=" " ind2="1">
    <subfield code="a">Zarrabini,</subfield>
    <subfield code="b">Onofrio</subfield>
    <subfield code="3">IT\ICCU\CNCA\013484</subfield>
  </datafield>
  <datafield tag="712" ind1="0" ind2="0">
    <subfield code="a">Ziletti, Francesco - eredi</subfield>
    <subfield code="3">IT\ICCU\CNCT\003832</subfield>
    <subfield code="4">650</subfield>
  </datafield>
  <datafield tag="790" ind1=" " ind2="1">
    <subfield code="a">Zarabini,</subfield>
    <subfield code="b">Onofrio</subfield>
    <subfield code="3">IT\ICCU\CNCA\007022</subfield>
    <subfield code="z">Zarrabini, Onofrio</subfield>
  </datafield>
  <datafield tag="790" ind1=" " ind2="1">
    <subfield code="a">Codignola,</subfield>
    <subfield code="b">Onofrio</subfield>
    <subfield code="3">IT\ICCU\CNCA\008263</subfield>
    <subfield code="z">Zarrabini, Onofrio</subfield>
  </datafield>
  <datafield tag="790" ind1=" " ind2="0">
    <subfield code="a">Honophrius</subfield>
    <subfield code="c"> : Cutignolensis</subfield>
    <subfield code="3">IT\ICCU\CNCA\029509</subfield>
    <subfield code="z">Zarrabini, Onofrio</subfield>
  </datafield>
  <datafield tag="801" ind1=" " ind2="3">
    <subfield code="a">IT</subfield>
    <subfield code="b">ICCU</subfield>
    <subfield code="c">20201114</subfield>
  </datafield>
  <datafield tag="899" ind1=" " ind2=" ">
    <subfield code="a">Biblioteca provinciale dei frati minori cappuccini Madonna di Pompei. Messina</subfield>
    <subfield code="1">ME0179</subfield>
    <subfield code="2">MES FC</subfield>
  </datafield>
  <datafield tag="899" ind1=" " ind2=" ">
    <subfield code="a">Biblioteca del Seminario vescovile. Pontremoli</subfield>
    <subfield code="1">MS0019</subfield>
    <subfield code="2">RT1 PP</subfield>
  </datafield>
  <datafield tag="899" ind1=" " ind2=" ">
    <subfield code="a">Biblioteca comunale. Assisi</subfield>
    <subfield code="1">PG0001</subfield>
    <subfield code="2">UM1 10</subfield>
  </datafield>
</record>
</collection>
